@inproceedings{regev,
    author = {Regev, Oded},
    year = {2010},
    pages = {191-204},
    title = {The Learning with Errors Problem (Invited Survey)},
    booktitle = {Proceedings of the Annual IEEE Conference on Computational Complexity},
    doi = {10.1109/CCC.2010.26}
}

@misc{ssl,
    title={{The Secure Sockets Layer (SSL) Protocol Version 3.0}},
    howpublished="https://datatracker.ietf.org/doc/html/rfc6101"
}

@misc{hipvpls,
    title={{HIP-based Virtual Private LAN Service (HIPLS}},
    howpublished="https://datatracker.ietf.org/doc/draft-henderson-hip-vpls/"
}
    

@book{Stinson:Cryptography,
    author = {Stinson, Douglas},
    title = {Cryptography: Theory and Practice, Second Edition},
    year = {2002},
    isbn = {1584882069},
    edition = {2nd},
    publisher = {CRC/C\&H},
}

@book{gurtov:hip,
    author = {Gurtov, Andrei},
    title = {Host Identity Protocol (HIP): Towards the Secure Mobile Internet},
    year = {2008}
}

@misc{nist:kyber,
    author = {{National Institute of Standards and Technology}},
    title = {{FIPS 203: Module-Lattice-Based Key-Encapsulation Mechanism Standard}},
    year = {2024},
    note = {\url{https://nvlpubs.nist.gov/nistpubs/FIPS/NIST.FIPS.203.pdf}}
}


@misc{pyhip,
    title = {{Python-based Host Identity Protocol, \url{https://github.com/dmitriykuptsov/cutehip}}},
    howpublished={Online},
    year = {2025}
}

@misc{snr,
    title = {{SNR S2980G-8T Switch Configuration Guide, \url{https://snr.systems/site/data-files/SNR%20Switches/Configuration%20Guide/SNR-S2980G-8T%20Configuration%20Guide%20v1.0.pdf}}},
    howpublished={Online},
    year={2025}
}

@misc{ssh:tunneling,
    title={{SSH Tunneling, \url{https://www.ssh.com/academy/ssh/tunneling}}},
    howpublished={Online},
    year={2025}
}

@misc{ssl:vpn,
    title={{Bypassing Deep Packet Inspection: Tunneling Traffic Over TLS VPN \url{https://www.linuxjournal.com/content/bypassing-deep-packet-inspection-tunneling-traffic-over-tls-vpn}}},
    howpublished={Online},
    year={2021}
}
